<?xml version="1.0" encoding="UTF-8"?><collection xmlns="http://www.loc.gov/MARC21/slim"><record><leader>00488nam--2200157-i-4500</leader><controlfield tag="001">000012409</controlfield><controlfield tag="002">20161230</controlfield><controlfield tag="005">20170305214351</controlfield><controlfield tag="008">060222s1000------------r-----000-0-eng-d</controlfield><datafield ind1=" " ind2=" " tag="245"><subfield code="a">An optimized translation process and its application to algol 68</subfield></datafield><datafield ind1=" " ind2=" " tag="260"><subfield code="a">Berlin</subfield><subfield code="b">Springer-verlag</subfield><subfield code="c">1976</subfield></datafield><datafield ind1=" " ind2=" " tag="300"><subfield code="a">IX + 334 p</subfield></datafield><datafield ind1=" " ind2=" " tag="490"><subfield code="a">Lecture Notes In Computer Science. Edited By G.Gross And J.Hartmanis</subfield></datafield><datafield ind1=" " ind2=" " tag="700"><subfield code="a">Branquart, P</subfield></datafield><datafield ind1=" " ind2=" " tag="852"><subfield code="a">519.685.3(082.1)</subfield></datafield><datafield ind1=" " ind2=" " tag="CAT"><subfield code="a">SYS</subfield><subfield code="c">20170305</subfield><subfield code="h">214351</subfield></datafield></record></collection>